@inproceedings{Lattner:2004:LCF:977395.977673,
 author = {Lattner, Chris and Adve, Vikram},
 title = {LLVM: A Compilation Framework for Lifelong Program Analysis \& Transformation},
 booktitle = {Proceedings of the International Symposium on Code Generation and Optimization: Feedback-directed and Runtime Optimization},
 series = {CGO '04},
 year = {2004},
 isbn = {0-7695-2102-9},
 location = {Palo Alto, California},
 pages = {75--},
 url = {http://dl.acm.org/citation.cfm?id=977395.977673},
 acmid = {977673},
 publisher = {IEEE Computer Society},
 address = {Washington, DC, USA},
} 
@book{Rastello:2016:SCD:3002539,
	author = {Rastello, Fabrice},
	title = {SSA-based Compiler Design},
	year = {2016},
	isbn = {1441962018, 9781441962010},
	edition = {1st},
	publisher = {Springer Publishing Company, Incorporated},
} 
@inproceedings{Farooqui:2012:LDI:2310660.2310989,
	author = {Farooqui, Naila and Kerr, Andrew and Eisenhauer, Greg and Schwan, Karsten and Yalamanchili, Sudhakar},
	title = {Lynx: A Dynamic Instrumentation System for Data-parallel Applications on GPGPU Architectures},
	booktitle = {Proceedings of the 2012 IEEE International Symposium on Performance Analysis of Systems \& Software},
	series = {ISPASS '12},
	year = {2012},
	isbn = {978-1-4673-1143-4},
	pages = {58--67},
	numpages = {10},
	url = {http://dx.doi.org/10.1109/ISPASS.2012.6189206},
	doi = {10.1109/ISPASS.2012.6189206},
	acmid = {2310989},
	publisher = {IEEE Computer Society},
	address = {Washington, DC, USA},
} 
@article{Valiant:1990:BMP:79173.79181,
	author = {Valiant, Leslie G.},
	title = {A Bridging Model for Parallel Computation},
	journal = {Commun. ACM},
	issue_date = {Aug. 1990},
	volume = {33},
	number = {8},
	month = aug,
	year = {1990},
	issn = {0001-0782},
	pages = {103--111},
	numpages = {9},
	url = {http://doi.acm.org/10.1145/79173.79181},
	doi = {10.1145/79173.79181},
	acmid = {79181},
	publisher = {ACM},
	address = {New York, NY, USA},
}
@inproceedings{Spafford:2012:ADS:2388996.2389110,
	author = {Spafford, Kyle L. and Vetter, Jeffrey S.},
	title = {Aspen: A Domain Specific Language for Performance Modeling},
	booktitle = {Proceedings of the International Conference on High Performance Computing, Networking, Storage and Analysis},
	series = {SC '12},
	year = {2012},
	isbn = {978-1-4673-0804-5},
	location = {Salt Lake City, Utah},
	pages = {84:1--84:11},
	articleno = {84},
	numpages = {11},
	url = {http://dl.acm.org/citation.cfm?id=2388996.2389110},
	acmid = {2389110},
	publisher = {IEEE Computer Society Press},
	address = {Los Alamitos, CA, USA},
} 
@article{Cooper:1993:MPC:2245763.2246020,
	author = {Cooper, Keith D and Hall, Mary W and Kennedy, Ken},
	title = {A Methodology for Procedure Cloning},
	journal = {Comput. Lang.},
	issue_date = {April, 1993},
	volume = {19},
	number = {2},
	month = apr,
	year = {1993},
	issn = {0096-0551},
	pages = {105--117},
	numpages = {13},
	url = {http://dx.doi.org/10.1016/0096-0551(93)90005-L},
	doi = {10.1016/0096-0551(93)90005-L},
	acmid = {2246020},
	publisher = {Pergamon Press, Inc.},
	address = {Tarrytown, NY, USA},
	keywords = {cloning, interprocedural data-flow analysis, interprocedural optimization, specialization},
} 